@mastersthesis{andersson_hashes_2023,
  author       = {Andersson, Markus},
  organization = {Helsingin yliopisto, Matemaattis-luonnontieteellinen tiedekunta},
  pages        = {54},
  publisher    = {Helsingin yliopisto},
  title        = {Optimizing the computation of password hashes},
  url          = {https://helka.helsinki.fi/permalink/358UOH_INST/q5v72t/alma9934509034906253},
  year         = {2023}
}

@article{antonov_security_2020,
  author    = {Antonov, Petar and Georgieva, Nikoleta},
  address   = {Sofia},
  doi       = {10.11610/isij.4719},
  issn      = {0861-5160},
  journal   = {Information \& security},
  number    = {2},
  pages     = {276-282},
  publisher = {ProCon Ltd},
  title     = {Security Analysis of Diceware Passphrases},
  volume    = {47},
  year      = {2020}
}

@inproceedings{bonnea_guessing_2012,
  author    = {Bonneau, J.},
  booktitle = {2012 IEEE Symposium on Security and Privacy},
  doi       = {10.1109/SP.2012.49},
  pages     = {538--552},
  publisher = {IEEE},
  title     = {The Science of Guessing: Analyzing an Anonymized Corpus of 70 Million Passwords},
  year      = {2012}
}

@inproceedings{bosnjak_brute-force_2018,
  author    = {Bosnjak, L. and Sres, J. and Brumen, B.},
  booktitle = {2018 41st International Convention on Information and Communication Technology, Electronics and Microelectronics (MIPRO)},
  doi       = {10.23919/MIPRO.2018.8400211},
  pages     = {1161--1166},
  publisher = {IEEE},
  title     = {Brute-force and dictionary attack on hashed real-world passwords},
  year      = {2018}
}

@techreport{burr_electronic_2013,
  author      = {Burr, William E. and Dodson, Donna F. and Newton, Elaine M. and Perlner, Ray A. and Polk, W. Timothy and Gupta, Sarbari and Nabbus, Ebad A.},
  doi         = {10.6028/NIST.SP.800-63-2},
  institution = {National Institute of Standards and Technology},
  number      = {NIST SP 800-63-2},
  pages       = {104},
  title       = {Electronic Authentication Guideline},
  year        = {2013}
}

@misc{dang_recommendation_2012,
  author    = {Quynh Dang},
  doi       = {10.6028/NIST.SP.800-107r1},
  pages     = {4},
  publisher = {Special Publication (NIST SP), National Institute of Standards and Technology, Gaithersburg, MD},
  title     = {Recommendation for Applications Using Approved Hash Algorithms},
  year      = {2012}
}

@misc{finlex_rikoslaki_2015,
  author  = {Finlex},
  title   = {Rikoslaki, 38. luku, 8. pykälä},
  url     = {https://www.finlex.fi/fi/laki/ajantasa/1889/18890039001#L38},
  urldate = {2023-12-24},
  year    = {2015}
}

@misc{github_2fa_2023,
  author  = {GitHub},
  title   = {About mandatory two-factor authentication},
  url     = {https://docs.github.com/en/authentication/securing-your-account-with-two-factor-authentication-2fa/about-mandatory-two-factor-authentication},
  urldate = {2023-12-27},
  year    = {2023}
}

@techreport{grassi_digital_2017,
  author      = {Grassi, Paul A and Garcia, Michael E and Fenton, James L},
  doi         = {10.6028/NIST.SP.800-63-3},
  institution = {National Institute of Standards and Technology},
  number      = {NIST SP 800-63-3},
  pages       = {49},
  title       = {Digital identity guidelines: revision 3},
  year        = {2017}
}

@misc{hashcat_rule_2023,
  author  = {Hashcat},
  title   = {Rule-based attack, Implemented compatible functions},
  url     = {https://hashcat.net/wiki/doku.php?id=rule_based_attack#implemented_compatible_functions},
  urldate = {2023-12-24},
  year    = {2023}
}

@techreport{hess_vulnerabilities_2021,
  author = {Hess, Elie M. and Tolbert, Matthew M. and Nascimento, Mattheus C.},
  pages  = {11},
  title  = {Vulnerabilities of Multi-factor Authentication in Modern Computer Networks},
  school = {Worcester Polytechnic Institute},
  year   = {2021}
}

@misc{keenious_keenious_2023,
  author  = {Keenious},
  title   = {Keenious},
  url     = {https://keenious.com},
  urldate = {2023-12-24},
  year    = {2023}
}

@inproceedings{ma_password_2010,
  address   = {Melbourne, Australia},
  author    = {Ma, Wanli and Campbell, John and Tran, Dat and Kleeman, Dale},
  booktitle = {2010 Fourth International Conference on Network and System Security},
  doi       = {10.1109/NSS.2010.18},
  pages     = {583--587},
  publisher = {IEEE},
  title     = {Password Entropy and Password Quality},
  year      = {2010}
}

@book{menenez_handbook_1997,
  author    = {Menezes, Alfred J. and Van Oorschot, Paul C. and Vanstone, Scott A.},
  pages     = {33},
  booktitle = {Handbook of applied cryptography},
  isbn      = {0-8493-8523-7},
  publisher = {CRC Press},
  title     = {Handbook of applied cryptography},
  year      = {1997}
}

@misc{nordpass_2023,
  author  = {Nordpass},
  title   = {Top 200 Most Common Passowords},
  url     = {https://nordpass.com/most-common-passwords-list},
  urldate = {2023-12-24},
  year    = {2023}
}

@incollection{oechslin_making_2003,
  author    = {Oechslin, Philippe},
  booktitle = {Advances in Cryptology - CRYPTO 2003},
  doi       = {10.1007/978-3-540-45146-4_36},
  editor    = {Goos, Gerhard and Hartmanis, Juris and van Leeuwen, Jan and Boneh, Dan},
  note      = {Series Title: Lecture Notes in Computer Science},
  pages     = {617--630},
  publisher = {Springer Berlin Heidelberg},
  title     = {Making a Faster Cryptanalytic Time-Memory Trade-Off},
  volume    = {2729},
  year      = {2003}
}

@misc{openai_chatgpt_2023,
  author  = {OpenAI},
  title   = {ChatGPT},
  url     = {https://chat.openai.com},
  urldate = {2023-12-24},
  year    = {2023}
}

@misc{owasp_authentication_2023,
  author  = {OWASP},
  title   = {Authentication Cheat Sheet},
  url     = {https://cheatsheetseries.owasp.org/cheatsheets/Authentication_Cheat_Sheet.html},
  urldate = {2023-12-24},
  year    = {2023}
}

@misc{owasp_passwords_2017,
  author  = {OWASP},
  title   = {10k worst passwords},
  url     = {https://github.com/OWASP/passfault/blob/master/wordlists/wordlists/10k-worst-passwords.txt},
  urldate = {2023-12-24},
  year    = {2023}
}

@misc{owasp_storage_2023,
  author  = {OWASP},
  title   = {How attackers crack password hashes},
  url     = {https://cheatsheetseries.owasp.org/cheatsheets/Password_Storage_Cheat_Sheet.html#how-attackers-crack-password-hashes},
  urldate = {2023-12-24},
  year    = {2023}
}

@incollection{polychronakis_privacy_2017,
  author    = {Heen, Olivier and Neumann, Christoph},
  booktitle = {Detection of Intrusions and Malware, and Vulnerability Assessment},
  doi       = {10.1007/978-3-319-60876-1_16},
  editor    = {Polychronakis, Michalis and Meier, Michael},
  note      = {Series Title: Lecture Notes in Computer Science},
  pages     = {347--365},
  publisher = {Springer International Publishing},
  title     = {On the Privacy Impacts of Publicly Leaked Password Databases},
  volume    = {10327},
  year      = {2017}
}

@misc{reinhold_diceware_2022,
  author  = {Reinhold, Arnold G.},
  title   = {The Diceware Passphrase Home Page},
  url     = {https://theworld.com/~reinhold/diceware.html},
  urldate = {2023-12-27},
  year    = {2022}
}

@article{shen_user_2016,
  author  = {Shen, Chao and Yu, Tianwen and Xu, Haodi and Yang, Gengshan and Guan, Xiaohong},
  doi     = {10.1016/j.cose.2016.05.007},
  journal = {Computers \& Security},
  pages   = {130--141},
  title   = {User practice in password security: An empirical study of real-life passwords in the wild},
  volume  = {61},
  year    = {2016}
}

@article{zimmermann_password_2020,
  author  = {Zimmermann, Verena and Gerber, Nina},
  doi     = {10.1016/j.ijhcs.2019.08.006},
  journal = {International Journal of Human-Computer Studies},
  pages   = {26--44},
  title   = {The password is dead, long live the password – A laboratory study on user perceptions of authentication schemes},
  volume  = {133},
  year    = {2020}
}
